@article{deserno2004generate,
  title={How to generate equidistributed points on the surface of a sphere},
  author={Deserno, Markus},
  journal={If Polymerforshung (Ed.)},
  volume={99},
  number={2},
  pages={1},
  year={2004},
  url={https://www.cmu.edu/biolphys/deserno/pdf/sphere_equi.pdf}
}
